%%%%%%%%%%%%%%%%%%%%%%%%%%%%%%%%%%%%%%%%%%%%%%%%%%%%%%%%%%%
%%%%%%%%%%%%%%%%%%%%%%%% Examples %%%%%%%%%%%%%%%%%%%%%%%%%
%%%%%%%%%%%%%%%%%%%%%%%%%%%%%%%%%%%%%%%%%%%%%%%%%%%%%%%%%%%

@misc{orbits, 
	author    = "Holli Riebeek",
	title     = {{Catalog of Earth Satellite Orbits}},
	note = {Accessed November 1 2017},
    howpublished = {\url{http://earthobservatory.nasa.gov/Features/OrbitsCatalog}},
    year = {2009},
}

@article{SDRPros, 
	author    = "Piero Angeletti and Marco Lisi and Piero Tognolatti",
	title     = {{Software Defined Radio: a Key Technology for Flexibility and Reconfigurability in Space Applications}},
	journal   = "Metrology for Aerospace, 2014 IEEE",
	note = {doi:10.1109/MetroAeroSpace.2014.6865957},
	howpublished = {\url{http://dx.doi.org/10.1109/MetroAeroSpace.2014.6865957}},
    year  = {2014},
}



@book{IntroSat, 
	author    = {Bruce R. Elbert},
	title     = {{Introduction to Satellite Communication}},
	publisher = "Artech House",
	edition  = "2",
    year = {1999},
}



%%%%%%%%%%%%%%%%%%%%%%%%%%%%%%%%%%%%%%%%%%%%%%%%%%%%%%%%%%%%
%%%%%%%%%%%%%%%%%%%% Sources for P9 %%%%%%%%%%%%%%%%%%%%%%%%
%%%%%%%%%%%%%%%%%%%%%%%%%%%%%%%%%%%%%%%%%%%%%%%%%%%%%%%%%%%%


@misc{thesis_report, 
	author    = {Anders Charly Rasmussen and Mathias Rønholt Kielgast},
	title     = {{Embedded Massive MTC Device Emulator for LTE using Software Defined Radios}},
	note = {Accessed March 14 2018},
    howpublished = {\url{http://projekter.aau.dk/projekter/da/studentthesis/embedded-massive-mtc-device-emulator-for-lte-using-software-defined-radios(aebadd1f-0a06-4b69-9b00-8dc209e80e66).html}},
    year = {2017},
}

@misc{UE_list, 
	author    = {{GSM Association}},
	title     = {{Mobile IoT Modules}},
	note = {Accessed February 7 2018},
    howpublished = {\url{https://www.gsma.com/iot/mobile-iot-modules/}},
    year = {2018},
}

@misc{Amarisoft_solutions, 
	author    = "Amarisoft",
	title     = {{Software suite solutions}},
	note = {Accessed February 7 2018},
    howpublished = {\url{https://www.amarisoft.com/software-enb-epc-ue-simulator/}},
    year = {2018},
}

@misc{SRS_solutions, 
	author    = {{Software Radio Systems}},
	title     = {{Products}},
	note = {Accessed February 7 2018},
    howpublished = {\url{http://www.softwareradiosystems.com/products/}},
    year = {2018},
}

@misc{LORA_solutions, 
	author    = "LORA Server",
	title     = {{LoRa Server, open-source LoRaWAN network-server}},
	note = {Accessed February 7 2018},
    howpublished = {\url{https://www.loraserver.io/}},
    year = {2018},
}

@misc{Things_solutions, 
	author    = {{The Things Industries}},
	title     = {{HARDWARE}},
	note = {Accessed February 7 2018},
    howpublished = {\url{https://www.thethingsindustries.com/technology/hardware}},
    year = {2018},
}

@misc{Mira_solutions, 
	author    = {{Miromico}},
	title     = {{FMLR: High Performance LoRaWAN™-RF-Modules and Sensors}},
	note = {Accessed February 7 2018},
    howpublished = {\url{http://www.miromico.ch/fmlr-lorawan-modules.html}},
    year = {2018},
}

@misc{Telit_solutions, 
	author    = {{Telit}},
	title     = {{LoRa and Sigfox modules from Telit}},
	note = {Accessed February 7 2018},
    howpublished = {\url{https://www.telit.com/products/lora-and-sigfox-modules/}},
    year = {2018},
}

@misc{telefonicaid_solutions, 
	author    = {{Telefonicaid}},
	title     = {{sigfox-iotagent}},
	note = {Accessed February 7 2018},
    howpublished = {\url{https://github.com/telefonicaid/sigfox-iotagent}},
    year = {2018},
}

@misc{murata_solutions, 
	author    = {{Murata}},
	title     = {{Sigfox Module}},
	note = {Accessed February 7 2018},
    howpublished = {\url{https://www.murata.com/products/lpwa/sigfox}},
    year = {2018},
}

@book{NB-IoT_Book, 
	author    = {Olof Liberg and Mårten Sundberg and Y.-P. Wang and Johan Bergman and Joachim Sachs},
	title     = {{Cellular Internet of Things - Technologies, Standards and Performance}},
	publisher = "Academic Press",
	edition  = "1",
    year = {2018},
    note = {ISBN: 978-0-12-812458-1},
}

@misc{CAT_comp, 
	author    = "Digi International Inc",
	title     = {{Introduction to LTE-M Cellular Technology}},
	note = {Accessed January 18 2018},
    howpublished = {\url{https://www.digi.com/blog/cellular/introduction-to-lte-m-cellular-technology/}},
    year = {2018},
}

@misc{NB_comp, 
	author    = "3GLTEInfo",
	title     = {{LoRa Vs LTE: LoRa Advantages Over Cellular and Local Area Networks}},
	note = {Accessed January 18 2018},
    howpublished = {\url{http://www.3glteinfo.com/lora/lora-advantages/}},
    year = {2018},
}

@misc{NB_slide, 
	author    = "Chen Shi Yi",
	title     = {{NB-IoT teknologi og teknologi aftale og udvikling tendens}},
	note = {Accessed November 10 2017},
    howpublished = {\url{http://lpwan.cs.nthu.edu.tw/site/upload/NB-IoT%E6%8A%80%E8%A1%93%E5%8D%94%E5%AE%9A%E8%88%87%E7%99%BC%E5%B1%95%E8%B6%A8%E5%8B%A2V3.0.pdf}},
    year = {2017},
}

@book{book_LTE_for_UMTS, 
	author    = {Harri Holma and Antti Toskala},
	title     = {{LTE for UMTS: Evolution to LTE-Advanced}},
	publisher = "Wiley",
	edition  = "2",
    year = {2010},
}

@misc{3GPP_SCEF_primer, 
	author    = {{Definition Networks, Inc}},
	title     = {{3GPP SCEF Primer}},
	note = {Accessed November 2 2017},
	howpublished = {\url{http://definitionnetworks.com/3gpp-scef-primer/}},
    year  = {2017},
}

@misc{3GPP_MME_spec, 
	author    = {{3GPP Technical Specification Group Core Network and Terminals}},
	title     = {{Mobility Management Entity (MME) and Serving GPRS Support Node (SGSN) interfaces for interworking with packet data networks and applications}},
	note = {3GPP TS 29.128 V13.3.0 (2016-12)},
	howpublished = {\url{http://www.3gpp.org/ftp/Specs/archive/29_series/29.128/}},
    year  = {2016},
}

@misc{LTE-MBSFN, 
	author    = {ShareTechnote},
	title     = {{LTE Quick Reference}},
	note = {Accessed November 1 2017},
    howpublished = {\url{http://www.sharetechnote.com/html/Handbook_LTE_MBSFN.html#MBSFN_Subframe_Structure}},
    year = {2017},
}

@misc{whitepaper, 
	author    = "Rohde & Scharz",
	title     = {{Narrowband Internet of Things Whitepaper}},
	note = {Downloaded October 24 2017},
    howpublished = {\url{https://www.rohde-schwarz.com/dk/applications/narrowband-internet-of-things-white-paper_230854-314242.html}},
    year = {2016},
}

@article{primer, 
	author    = {Eric Wang and Xingqin Lin and Ansuman Adhikary and Asbjörn Grövlen and Yutao Sui and Yufei Blankenship and Johan Bergman and Hazhir S. Razaghi},
	title     = {{A Primer on 3GPP Narrowband Internet of Things (NB-IoT)}},
	journal   = "IEEE Communications Magazine, March 2017",	
	note = {doi:10.1109/MCOM.2017.1600510CM},
	howpublished = {\url{http://ieeexplore.ieee.org/stamp/stamp.jsp?arnumber=7876968}},
    year  = {2017},
}

@article{NPRACH, 
	author    = {Xingqin Lin and Ansuman Adhikary and Eric Wang},
	title     = {{Random Access Preamble Design and Detection for 3GPP Narrowband IoT Systems}},
	journal   = "IEEE WIRELESS COMMUNICATIONS LETTERS, VOL. 5, NO. 6, DECEMBER 2016",	
	note = {doi:10.1109/LWC.2016.2609914},
	howpublished = {\url{http://ieeexplore.ieee.org/stamp/stamp.jsp?arnumber=7569029}},
    year  = {2016},
}

@article{PartialPreamble, 
	author    = {Taehoon Kim and Dong Min Kim and Nuno Pratas and Petar Popovski and Dan Keun Sung},
	title     = {{An Enhanced Access Reservation Protocol with a Partial Preamble Transmission Mechanism in NB-IoT Systems}},
	journal   = "IEEE COMMUNICATIONS LETTERS, VOL. X, NO. X, XX, 2017",	
	note = {still unpublished},
	year  = {2017},
}

@article{LTEUplink, 
	author    = {Germán C. Madueño and Jimmy J. Nielsen and Dong Min Kim and Nuno K. Pratas and Čedomir Stefanović and Petar Popovski},
	title     = {{Assessment of LTE Wireless Access for Monitoring of Energy Distribution in the Smart Grid}},
	journal   = "IEEE JOURNAL ON SELECTED AREAS IN COMMUNICATIONS, VOL. 34, NO. 3, MARCH 2016",	
	note = {doi:10.1109/JSAC.2016.2525639},
	howpublished = {\url{http://ieeexplore.ieee.org/stamp/stamp.jsp?arnumber=7397849}},
    year  = {2016},
}

@article{REL-13, 
	author    = {Rapeepat Ratasuk and Nitin Mangalvedhe and Yanji Zhang and Michel Robert and Jussi-Pekka Koskinen},
	title     = {{Overview of Narrowband IoT in LTE Rel-13}},
	journal   = "2016 IEEE Conference on Standards for Communications and Networking (CSCN)",	
	howpublished = {\url{http://ieeexplore.ieee.org/stamp/stamp.jsp?arnumber=7785170}},
    year  = {2016},
}

@misc{mobi-report, 
	author    = {Ericsson},
	title     = {{Ericsson Mobility Report}},
	note = {Accessed October 25 2017},
    howpublished = {\url{https://www.ericsson.com/assets/local/mobility-report/documents/2017/ericsson-mobility-report-june-2017.pdf}},
    year = {2017},
}

@article{LoRa, 
	author    = {Rashmi Sharan Sinha and Yiqiaod Wei and Seung-Hoon Hwang},
	title     = {{A survey on LPWA technology: LoRa and NB-IoT}},
	journal   = "ICT Express Volume 3, Issue 1, March 2017, Pages 14-21",
	note = {https://doi.org/10.1016/j.icte.2017.03.004},
    howpublished = {\url{http://www.sciencedirect.com/science/article/pii/S2405959517300061}},
    year = {2017},
}

