%%%%%%%%%%%%%%%%%%%%%%%%%%%%%%%%%%%%%%%%%%%%%%%%%%%%%%%%%%%%%%%%%%%%%%%%%%%%%%%%%%%%%%
%%%%%%%%%%%%%%%%%%%%%%%%%%%%%%%%%%%%%%%%%%%%%%%%%%%%%%%%%%%%%%%%%%%%%%%%%%%%%%%%%%%%%%
%																					 %
%								References for P8									 %
%																					 %
%%%%%%%%%%%%%%%%%%%%%%%%%%%%%%%%%%%%%%%%%%%%%%%%%%%%%%%%%%%%%%%%%%%%%%%%%%%%%%%%%%%%%%
%%%%%%%%%%%%%%%%%%%%%%%%%%%%%%%%%%%%%%%%%%%%%%%%%%%%%%%%%%%%%%%%%%%%%%%%%%%%%%%%%%%%%%
% 

@book {ITU_indoor,
  title= {Introduction to RF propagation},
  author={John S. Seybold},
  publisher={John Wiley and Sons},
  edition  = "1",
  howpublished = 	{\url{https://en.wikipedia.org/wiki/ITU_model_for_indoor_attenuation#cite_note-ITU_2-1}},
  year={2000},
}


@book {Jakes_microwave,
  title= {Microwave Mobile Communications},
  author={William C. Jakes},
  publisher={Whiley},
  edition  = "1",
  howpublished = 	{\url{https://courses.engr.illinois.edu/ece458/Jakes_Book_optim.pdf}},
  year={1974},
}

@misc{Bootstrap,
	title =			{Bootstrap: A Statistical Method},
  	author =		{Kesar Singh and Minge Xie},
  	howpublished = 	{\url{http://stat.rutgers.edu/home/mxie/RCPapers/bootstrap.pdf}},
  	year =			{2009},
}


@misc {Wireless_CommunicationsBook,
	title= {Fundamentals of Wireless Communications},
	author={David Tse and Pramod Viswanath},
  	howpublished = {\url{https://people.eecs.berkeley.edu/~dtse/main.pdf}},
  	year={2004},
}

@book {The_Mobile_Radio_Propagation_Channelbook,
  title= {The Mobile Radio Propagation Channel},
  author={J. D. Parson},
  publisher={Whiley},
  edition  = "2",
  year={2000},
}

@book {WSSUSbook,
title= {The Best of the Best: Fifty Years of Communications and Networking Research},
author={William H. Trantar},
  publisher={IEEE press},
  edition  = "2",
  howpublished = {\url{https://books.google.dk/books?id=8BCSFUL8qU0C&pg=PA440&lpg=PA440&dq=wide+sense+stationary+uncorrelated+scattering&source=bl&ots=WSdGhRqwka&sig=QZw4aHFqN0yWtJMCfTnahLJSjZQ&hl=en&sa=X&ved=0ahUKEwjV2cT9p7XTAhXIFywKHdPFB1Y4ChDoAQgzMAQ#v=onepage&q=wide%20sense%20stationary%20uncorrelated%20scattering&f=false}},
  year={2007},
}

@misc{SampleNumURC,
	title =			{Signal Quality Outage Analysis for Ultra-Reliable Communications in Cellular Networks},
  	author =		{{Gerardino, G. A. P. et. al.}},
  	publisher = 	{Globecom Workshops (GC Wkshps)},
  	edition  = 		"2",
  	howpublished = 	{\url{http://vbn.aau.dk/files/219673440/DiversityPaper_final.pdf}},
  	year =			{2015},
}

@misc{CentralLimit,
  author = {Kyle Siegrist},  
  title={The Central Limit Theorem},
  publisher={university of alabama in huntsville},
  edition  = "2",
  howpublished = {\url{http://www.math.uah.edu/stat/sample/CLT.html}},
  year={2017},
}

@misc{FTandCORR,
title={Convolution,Correlation and Fourier Transfroms},
  author={James R. Graham},
  publisher={Brekeley},
  edition  = "1",
  howpublished = {\url{http://ugastro.berkeley.edu/infrared/ir_clusters/convolution.pdf}},
  year={2005},
}

@book {CohBW,
title= {Wireless Communications and Networks: 3G and Beyond},
author={Iti Saha Misra},
  publisher={McGraw Hill Education},
  edition  = "2",
  howpublished = {\url{https://books.google.dk/books?id=XoHvAwAAQBAJ&pg=PA78&lpg=PA78&dq=coherence+bandwidth+0+correlation&source=bl&ots=susvvqVHyk&sig=3-XFdbLkt4t-lW6X9Wkwi4Pu4d8&hl=en&sa=X&ved=0ahUKEwizxIHQ7f3SAhXhQJoKHW0tAgIQ6AEISDAH#v=onepage&q=coherence%20bandwidth%200%20correlation&f=false}},
  year={2009},
}
@book{ComHandbook,
  title={The Communications Handbook},
  author={Jerry G. Gibson},
  publisher={ CRC Press LLC},
  edition  = "2",
  howpublished = {\url{https://books.google.dk/books?id=Tokk5bZxB0MC&pg=SA16-PA4&lpg=SA16-PA4&dq=frequency+hopping+diversity+frequency+separation&source=bl&ots=mTmkENATqS&sig=O3EiOtM03mqgHbk1j6ZOfXka3_M&hl=en&sa=X&ved=0ahUKEwj_lMT5z-TSAhXCNpoKHUcpAmUQ6AEIQzAG#v=onepage&q=frequency%20hopping%20diversity%20frequency%20separation&f=false}},
  year={2002},
}
@book{RayFadeHandbook,
  title={Rayleigh Fading Channels},
  author={Bernad Sklar},
  publisher={ CRC Press LLC},
  edition  = "1",
  howpublished = {\url{http://www.ece.ubc.ca/~brucew/ebook/Mobile%20Communications%20Handbook.pdf}},
  year={1999},
}

@misc{MeasurementComplexRay,
title={Measurement Complexity of Rayleigh Fading Channels},
  author={Xinjia Chen,Guoxiang Gu,Kemin Zhou},
  publisher={IEEE paper},
  edition  = "1",
  howpublished = {\url{http://ieeexplore.ieee.org/stamp/stamp.jsp?arnumber=4787020}},
  year={2009},
}

@misc{UWMeasurement,
title={Ultrawideband Propagation Channels-Theory, Measurement, and Modeling},
  author={Andreas F. Molisch},
  publisher={IEEE paper},
  edition  = "1",
  howpublished = {\url{http://ieeexplore.ieee.org/stamp/stamp.jsp?arnumber=1542572}},
  year={2005},
}
@book{SpaceWirelessChan,
  title={Space-Time Wireless Channels},
  author={Gregory D. Durgin},
  publisher={ Prentice Hall},
  edition  = "1",
  howpublished = {\url{http://www.informit.com/articles/article.aspx?p=169488&seqNum=2}},
  year={2003},
}

@misc{stochasticWirelessChan,
  title={PTHEORY OF STOCHASTIC LOCAL AREA CHANNEL MODELING FOR WIRELESS COMMUNICATIONS},
  author={Gregory D. Durgin},
  year={2000},
  note= {Final Dissertation, Doctor in Eletrical Engieneering, Virginia Polytechnic Institute },
howpublished = {\url{https://theses.lib.vt.edu/theses/available/etd-12012000-191046/unrestricted/etd3.pdf}},
}


@article{LTE, 
	author    = {{Ali, N.A. et. al.}},
	title     = {{Quality of Service in 3GPP R12 LTE-Advanced}},
	journal   = "Telecommunications Standards, 2013 IEEE",
	howpublished = {\url{http://www.queenstrl.ca/uploads/4/6/3/1/4631596/quality_of_service_in_3_gpp_r12_lte-advanced.pdf}},
	note = {Downloaded 2. Marts 2017},
    year  = {2013},
}


@misc{5G, 
	author    = {{sharetechnote}},
	title     = {{5G - Frame Structure}},
	howpublished = {\url{http://www.sharetechnote.com/html/5G/5G_FrameStructure_Candidate.html}},
	note = {Downloaded 2. Marts 2017},
    year = {2015},
}

@misc{5G_Latency, 
	author    = {{sharetechnote}},
	title     = {{5G ?}},
	howpublished = {\url{http://www.sharetechnote.com/html/5G/5G_Definition.html}},
	note = {Downloaded 3. Marts 2017},
    year = {2015},
}

@book{statistics,
  title={Probability and Statistics for Engineers and Scientists},
  author={Sheldon Ross},
  publisher={Academic Press},
  edition  = "4",
  year={2009},
}

@misc{TimingArticle, 
	author    = {{Michele Morelli and Antonio A. Dâ€™Amico}},
	title     = {{Maximum Likelihood Timing and Carrier Synchronization in Burst-Mode Satellite Transmissions}},
	howpublished = {\url{http://jwcn.eurasipjournals.springeropen.com/articles/10.1155/2007/65058}},
	note = {EURASIP Journal on Wireless Communications and Networking},
	note = {Downloaded 24. Maj 2016},
    year = {2007},
}
@book{diversityFuture,
	author ={Le, Khoa N.},
	title ={Orthogonal Frequency Division Multiplexing with Diversity for Future Wireless Systems},
	publisher ={Bentham e Books},
	year= {2012},
}
@misc{diversityAntenna,
	author ={Matthew Schwartz},
	title ={Antennas and interference},
	howpublished ={\url{http://users.physics.harvard.edu/~schwartz/15cFiles/Lecture18-Antennas.pdf Lecture 18}},
	note = {Harvard univeristy leacture},
	year= {2015},
}
@misc{crosstalk,
	author ={{Keysight}},
	title ={Cross talk},
	howpublished ={\url{http://ena.support.keysight.com/e5080a/manuals/webhelp/eng/s2_opt/crosstalk.htm}},
	note = {Keysight support},
	year= {2016},
}

@misc{AgilentNVA,
	author ={{Agilent Technologies}},
	title ={Agilent
Network Analyzer Basics},
	howpublished ={\url{http://cp.literature.agilent.com/litweb/pdf/5965-7917E.pdf}},
	year= {2015},
}
@misc{UnderstandDynamic,
	author ={ Jack Browne},
	title ={Understanding Dynamic Range},
	howpublished ={\url{http://mwrf.com/test-and-measurement/understanding-dynamic-range}},
	note= {downlaoded 17.02.2017},
	year= {2011},
}
@misc{KeysightAVG,
	author ={{Keysight}},
	title ={Understanding and Improving Network Analyzer Dynamic Range},
	howpublished ={\url{http://literature.cdn.keysight.com/litweb/pdf/5980-2778EN.pdf}},
	note = {Application Note},
	year= {2014},
}
@misc{Petar5G,
	author ={Petar Popovski},
	title ={Ultra-Reliable Communication in
5G Wireless Systems},
	howpublished ={\url{https://arxiv.org/pdf/1410.4330.pdf}},
	year= {2014},
}


%%%%%%%%%%%%%%%%%%%%%%%%%%%%%%%%%%%%%%%%%%%%%%%%%%%%%%%%%%%%%%%%%%%%%%%%%%%%%%%%%%%%%%
%%%%%%%%%%%%%%%%%%%%%%%%%%%%%%%%%%%%%%%%%%%%%%%%%%%%%%%%%%%%%%%%%%%%%%%%%%%%%%%%%%%%%%
%																					 %
%						Earlier references not in use								 %
%																					 %
%%%%%%%%%%%%%%%%%%%%%%%%%%%%%%%%%%%%%%%%%%%%%%%%%%%%%%%%%%%%%%%%%%%%%%%%%%%%%%%%%%%%%%
%%%%%%%%%%%%%%%%%%%%%%%%%%%%%%%%%%%%%%%%%%%%%%%%%%%%%%%%%%%%%%%%%%%%%%%%%%%%%%%%%%%%%%





@misc{orbits, 
	author    = "Holli Riebeek",
	title     = {{Catalog of Earth Satellite Orbits}},
	note = {Accessed February 5 2016},
    howpublished = {\url{http://earthobservatory.nasa.gov/Features/OrbitsCatalog}},
    year = {2009},
}

@article{SDRPros, 
	author    = "Piero Angeletti and Marco Lisi and Piero Tognolatti",
	title     = {{Software Defined Radio: a Key Technology for Flexibility and Reconfigurability in Space Applications}},
	journal   = "Metrology for Aerospace, 2014 IEEE",
	note = {doi:10.1109/MetroAeroSpace.2014.6865957},
	howpublished = {\url{http://dx.doi.org/10.1109/MetroAeroSpace.2014.6865957}},
    year  = {2014},
}

@misc{cil, 
	author    = {{AAU Student Space}},
	title     = {{AAUSAT5 Critical Items List v. 1.0}},
    year = {2014},
}

@misc{AAUSSD, 
	author    = {{AAU Student Space}},
	title     = {{AAU System Specification Document v. 1.2}},
    year = {2014},
}

@misc{FreqTable, 
	author    = {{Electronic Communications Committee}},
	title     = {{THE EUROPEAN TABLE OF FREQUENCY ALLOCATIONS AND APPLICATIONS IN THE FREQUENCY RANGE 8.3 kHz to 3000 GHz (ECA TABLE)}},
	howpublished = {\url{http://www.erodocdb.dk/docs/doc98/official/pdf/ERCRep025.pdf}},
	note = {Downloaded 10. Febuary 2016},
    year = {2015},
}

@misc{ModulationSpace, 
	author    = {{The Consultative Committee for Space Data Systems}},
	title     = {{BANDWIDTH-EFFICIENT MODULATIONS}},
	howpublished = {\url{http://public.ccsds.org/publications/archive/413x0g2.pdf}},
	note = {Downloaded 10. March 2016},
    year = {2009},
}

@misc{AttAtmos, 
	author    = {Kirt Blattenberger},
	title     = {{RF ATMOSPHERIC ABSORPTION / DUCTING}},
	howpublished = {\url{http://www.rfcafe.com/references/electrical/ew-radar-handbook/rf-atmospheric-absorption-ducting.htm}},
	note = {Downloaded 10. Febuary 2016},
    year = {2016},
}

@misc{ITU-R, 
	author    = {{International Telecommunication Union}},
	title     = {{Recommendation ITU-R P.676-10. Attenuation by atmospheric gases}},
	howpublished = {\url{https://www.itu.int/dms_pubrec/itu-r/rec/p/R-REC-P.676-10-201309-I!!PDF-E.pdf}},
	note = {Downloaded 11. Febuary 2016},
    year = {2013},
}

@misc{Microstrip, 
	author    = {{Constantine A. Balanis}},
	title     = {{Microstrip Antennas}},
	howpublished = {\url{http://kom.aau.dk/~gfp/CommunicationInElectronic2015/CommunicationInElectronicY2015Mma3PresentationPartII%20%5bCompatibility%20Mode%5d.pdf}},
	note = {Downloaded 22. Febuary 2016},
    year = {2005},
}

@misc{401, 
	shortauthor = {{CCSDS}},
	author    = {{The Consultative Committee for Space Data Systems}},
	title     = {{CCSDS 401.0-B. Recommendations for Space Data System Standards: Radio Frequency and Modulation Systems - Part 1: Earth Stations and Spacecraft}},
	howpublished = {\url{http://public.ccsds.org/publications/archive/401x0b25.pdf}},
	note = {Downloaded 10. Febuary 2016},
    year = {1993},
}

@misc{SFCG-4-3R3, 
	shortauthor = {{SFCC}},
	author    = {{Space Frequency Coordination Group}},
	title     = {{Utilization of the 2 GHz bands for space operation}},
	howpublished = {\url{https://www.sfcgonline.org/recommendations/REC%20SFCG%2004-3R3%20(2%20GHz%20usage).pdf}},
	note = {Downloaded 10. Febuary 2016},
    year = {1998},
}

@misc{syrlinks, 
	author    = {{Syrlinks}},
	title     = {{X-Band Transmitter EWC27}},
	howpublished = {\url{http://spaceflight.com/wp-content/uploads/2015/08/EWC27_V3.10.pdf}},
	note = {Downloaded 10. Febuary 2016},
    year = {2015},
}

@misc{syrlinksWeb, 
	author    = {{Syrlinks}},
	title     = {{EWC 27 HDR-TM X Band Transmitter}},
	howpublished = {\url{http://www.syrlinks.com/en/products/cubesats/hdr-x-band-transmitter.html}},
	note = {Downloaded 22. Febuary 2016},
    year = {2015},
}

@misc{ITU5, 
	shortauthor = {{ITU}},
	author    = {{International Telecommunication Union}},
	title     = {{Article 5: Frequency allocations of amateur satellite service. Section IV â€“ Table of Frequency Allocations}},
	howpublished = {\url{http://www.itu.int/en/ITU-R/space/AmateurDoc/ARS-ART5_E.pdf}},
	note = {Downloaded 11. Febuary 2016},
    year = {2009},
}

@misc{AMSAT, 
	shortauthor = {{AMSAT}},
	author    = {{Radio Amateur Satellite Corporation }},
	title     = {{REPLY COMMENTS OF THE RADIO AMATEUR SATELLITE CORPORATION. In the Matter of Allocation of Spectrum Below 5 GHz Transferred from Federal Government Use}},
	howpublished = {\url{http://www.amsat.org/amsat/amsat-na/filings/et94-32-reply.pdf}},
	note = {Downloaded 11. Febuary 2016},
    year = {1994},
}

@misc{CCSDS, 
	author    = {{The Consultative Committee for Space Data Systems}},
	title     = {{Welcome to CCSDS.org}},
	howpublished = {\url{http://public.ccsds.org/default.aspx}},
	note = {Downloaded 10. March 2016},
    year = {2016},
}

@misc{AMSATIARU, 
	shortauthor = {{IARU}},
	author    = {{International Amateur Radio Union}},
	title     = {{List of Satellite projects for which frequencies have been coordinated}},
	howpublished = {\url{http://www.amsat.org.uk/iaru/}},
	note = {Downloaded 11. Febuary 2016},
    year = {2015},
}

@book{IntroSat, 
	author    = {Bruce R. Elbert},
	title     = {{Introduction to Satellite Communication}},
	publisher = "Artech House",
	edition  = "2",
    year = {1999},
}

@book{ARRLAntennaBook, 
	author    = {R. Dean Straw and Rudy Severns and Brian Beezley and Ed Hare},
	title     = {{The ARRL Antenna Book}},
	publisher = "The American Radio League, inc",
	edition  = "18",
    year = {1999},
}

@book{Freeman, 
	author    = {Roger L. Freeman},
	title     = {Radio System Design for Telecommunications},
	publisher = "Wiley",
	edition  = "3",
    year = {2007},
}

@book{Frenzel, 
	author    = {Louis E. {Frenzel Jr.}},
	title     = {Principles of Electronic Communication Systems},
	publisher = "McGraw-Hill",
	edition  = "3",
    year = {2008},
}

@book{Lehpamer, 
	author    = {Harvey Lehpamer},
	title     = {Microwave Transmission Networks, Planning, Design, and Deployment},
	publisher = "McGraw-Hill",
	edition  = "2",
    year = {2010},
}

@misc{CPUT, 
	author    = {{Clyde Space}},
	title     = {{CubeSat S-Band Transmitter}},
	howpublished = {\url{http://www.clyde-space.com/cubesat_shop/communication_systems/301_cubesat-s-band-transmitter}},
	note = {Downloaded 12. Febuary 2016},
    year = {2016},
}

@misc{ISIS, 
	author    = {{ISIS}},
	title     = {{ISIS â€“ TXS Small Satellite S-Band Transmitter}},
	howpublished = {\url{http://www.isispace.nl/brochures/ISIS_TXS_Brochure_v.12.4.pdf}},
	note = {Downloaded 12. Febuary 2016},
    year = {2016},
}

@misc{SWIFT, 
	author    = {{Tethers Unlimited}},
	title     = {{Swift XTS - High Throughput X-band Downlink with S-band Transceiver}},
	howpublished = {\url{http://www.tethers.com/SpecSheets/Brochure_SWIFT_XTS.pdf}},
	note = {Downloaded 12. Febuary 2016},
    year = {2014},
}

@misc{YagiCalc, 
	author    = {{DL6WU}},
	title     = {{Yagi Uda Antenna Calculator}},
	howpublished = {\url{http://pencho.my.contact.bg/start/comp/anteni/Yagi.htm}},
	note = {Downloaded 15. Febuary 2016},
    year = {2014},
}

@misc{DishCalc, 
	author    = {{SATCOM online}},
	title     = {{Antenna Diameter, Efficiency, Gain or Frequency Calculator}},
	howpublished = {\url{http://www.satcom.co.uk/article.asp?article=22}},
	note = {Downloaded 15. Febuary 2016},
    year = {2016},
}

@misc{GNDSetup, 
	author    = {{AAUSAT3}},
	title     = {{Ground Station antenna}},
	howpublished = {\url{http://www.space.aau.dk/aausat3/index.php?n=Ham.HAMAndRadioInfo}},
	note = {Downloaded 15. Febuary 2016},
    year = {2015},
}

@misc{COMtest, 
	author    = {{AAUSAT4}},
	title     = {{A \& I Final Activities \& Integration Tests/Checkouts}},
	note 	  = {Revision 1.7},
    year = {2014},
}

@misc{SP-7000, 
	author    = {{SSB-Electronic}},
	title     = {{Data Sheet SP-7000 / Art. Nr.: 1050}},
	howpublished = {\url{http://www.arraysolutions.com/SSB%20Electronics/EN-1050_SP-7000.pdf}},
	note = {Downloaded 15. Febuary 2016},
    year = {2010},
}

@misc{Antenna-types, 
	author    = {Peter Joseph Bevelacqua},
	title     = {{Antenna Types}},
	howpublished = {\url{http://www.antenna-theory.com/antennas/main.php}},
	note = {Source inklude subpages, Downloaded 17. Febuary 2016},
    year = {2016},
}

@misc{Antenna-array, 
	author    = {Peter Joseph Bevelacqua},
	title     = {{Antenna Arrays (Phased Arrays)}},
	howpublished = {\url{http://www.antenna-theory.com/arrays/main.php}},
	note = {Downloaded 29. March 2016},
    year = {2016},
}


@misc{log-periodic-picture, 
	author    = {{A.H. Systems, inc.}},
	title     = {{Log Periodic Antennas}},
	howpublished = {\url{http://www.ahsystems.com/catalog/log-periodic-antennas.php}},
	note = {Picture, Downloaded 18. Febuary 2016},
    year = {2016},
}

@misc{horn-picture, 
	author    = {{TMC design corporation}},
	title     = {{HO-430-10-HH Direction Finding Horn Antenna}},
	howpublished = {\url{http://herrindesign.com/tmc/our-products/antennas/directional/horn-antennas/ho-430-10-hh/}},
	note = {Picture, Downloaded 18. Febuary 2016},
    year = {2016},
}

@misc{GOMX-3, 
	author    = {{eoPortal}},
	title     = {{GOMX-3}},
	howpublished = {\url{https://directory.eoportal.org/web/eoportal/satellite-missions/g/gomx-3}},
	note = {Downloaded 18. Febuary 2016},
    year = {2016},
}

@book{balanis, 
	author    = {Constantine A. Balanis},
	title     = {Antenna Theory - Analysis and Design},
	publisher = "Wiley",
	edition  = "2",
    year = {1997},
}

@book{haykin, 
	author    = {Simon Haykin},
	title     = {Communication Systems},
	publisher = "Wiley",
	edition  = "4",
    year = {2001},
}

@misc{FR4, 
	author    = {Lee W. Ritchey},
	title     = {{A SURVEY AND TUTORIAL OF DIELECTRIC MATERIALS USED IN THE
MANUFACTURE OF PRINTED CIRCUIT BOARDS}},
	howpublished = {\url{http://speedingedge.com/PDF-Files/tutorial.pdf}},
	note = {Downloaded 19. Febuary 2016},
    year = {1999},
}

@misc{Fleury, 
	author    = {Ingmar Land and Bernard H. Fleury},
	title     = {{Digital Modulation 1}},
	howpublished = {Course Material, Lecture notes, Communication Systems EIT 6. semester Aalborg University},
	note = {Downloaded 17. March 2016},
    year = {2007},
}

@misc{sat-pol, 
	author    = {Joseph H. Reisert},
	title     = {Antenna Polarization},
	howpublished = {\url{http://www.astronwireless.com/topic-archives-antennas-polarization.asp}},
	note = {Downloaded 22. Febuary 2016},
    year = {2016},
}

@misc{1GMSK, 
	author    = {Ian Poole},
	title     = {{What is GMSK Modulation - Gaussian Minimum Shift Keying}},
	howpublished = {\url{http://www.radio-electronics.com/info/rf-technology-design/pm-phase-modulation/what-is-gmsk-gaussian-minimum-shift-keying-tutorial.php}},
	note = {Downloaded 7. March 2016},
    year = {2016},
}

@misc{pol-pic, 
	author    = {meyavuz},
	title     = {{Linear, Circular and Elliptical Polarization Animation in a Single Shot}},
	howpublished = {\url{https://www.youtube.com/watch?v=Q0qrU4nprB0}},
	note = {Picture, Downloaded 22. Febuary 2016},
    year = {2011},
}

@misc{ADF, 
	author    = {{Analog Devices}},
	title     = {{ADF7021}},
	howpublished = {\url{http://www.analog.com/media/en/technical-documentation/data-sheets/ADF7021.pdf}},
	note = {Downloaded 22. Febuary 2016},
    year = {2015},
}

@book{balanis2005antenna,
  title={Antenna Theory: Analysis and Design},
  author={Balanis, C.A.},
  isbn={9780471667827},
  lccn={2005041794},
  series={Antenna Theory: Analysis and Design},
  url={https://books.google.dk/books?id=agWwQgAACAAJ},
  year={2005},
  publisher={John Wiley \& Sons}
}

@misc{dipole_efficiency, 
	author    = {Peder Meyer Hansen},
	title     = {{The Radiation Efficiency of Dipole Antenna above an Imperfectly Conducting Ground}},
	howpublished = {\url{https://deepblue.lib.umich.edu/bitstream/handle/2027.42/20912/rl0501.0001.001.pdf?sequence=2}},
	note = {Downloaded 25. Febuary 2016},
    year = {1970},
}

@misc{ITU3, 
	author    = {{International Telecommunication Union}},
	title     = {{Recommendation ITU-R P.676-3. Attenuation by atmospheric gases}},
	howpublished = {\url{https://www.itu.int/dms_pubrec/itu-r/rec/p/R-REC-P.676-3-199708-S!!PDF-E.pdf}},
	note = {Downloaded 2. March 2016},
    year = {1997},
}

@misc{satimo, 
	author    = {{Satimo}},
	title     = {{StarLab}},
	howpublished = {\url{http://www.atmsindia.org/images/SATIMO_ANTENNAMEAS_SLAB_final.pdf}},
	note = {Downloaded 4. March 2016},
    year = {2008},
}

@misc{ecoflex, 
	author    = {{SSB-Electronic}},
	title     = {{Ecoflex 10}},
	howpublished = {\url{http://www.ssbusa.com/ecoflex10.pdf}},
	note = {Downloaded 9. March 2016},
    year = {2016},
}

@misc{aircom, 
	author    = {{SSB-Electronic}},
	title     = {{Aircom Premium}},
	howpublished = {\url{http://www.ssbusa.com/aircompremium.pdf}},
	note = {Downloaded 9. March 2016},
    year = {2016},
}

@misc{monopolVSdipol, 
	author    = {{National Criminal Justice Reference Service, NCJRS}},
	title     = {{Antenna Types}},
	howpublished = {\url{https://www.ncjrs.gov/pdffiles1/nij/185030b.pdf}},
	note = {Downloaded 9. March 2016},
    year = {2016},
}

@misc{mixer24, 
	author    = {{Maxim}},
	title     = {{400MHz to 2.5GHz, Low-Noise, SiGe Downconverter Mixers}},
	howpublished = {\url{http://www.farnell.com/datasheets/2001008.pdf}},
	note = {Downloaded 10. March 2016},
    year = {2003},
}

@misc{mixer105, 
	author    = {{Macom}},
	title     = {{MAMX-011023}},
	howpublished = {\url{http://cdn.macom.com/datasheets/MAMX-011023%20(1).pdf}},
	note = {Downloaded 10. March 2016},
    year = {2016},
}

@misc{satimoImage, 
	author    = {{Agilent Technologies}},
	title     = {{Antenna Measurement Using Multi-Probe Scanning}},
	howpublished = {\url{http://cp.literature.agilent.com/litweb/pdf/5990-4803EN.pdf}},
	note = {Downloaded 17. March 2016},
    year = {2012},
}
@misc{LNA, 
	author    = {{Astra Microelectronic Technologies Limited}},
	title     = {{AMT2142021M: 8.5 â€“ 10.5 GHz Low Noise Amplifier Module}},
	howpublished = {\url{http://biakom.com/hfuhf/production/mmic/Astra%20Microwave/modular%20products/2142021M.pdf}},
	note = {Downloaded 10. March 2016},
    year = {2007},
}

@misc{Ruze, 
	author    = {K. Kiedron and C. T. Chian and K. L. Chuang},
	title     = {{Statistical Analysis of the 70 Meter Antenna Surface Distortions}},
	howpublished = {\url{http://ntrs.nasa.gov/archive/nasa/casi.ntrs.nasa.gov/19870008515.pdf}},
	note = {Downloaded 21. March 2016},
    year = {1986},
}

@book{rao2004fundamentals,
  title={Fundamentals of Satellite Communication},
  author={Rao, K.N.R.},
  isbn={9788120324015},
  url={https://books.google.dk/books?id=eJGvpKrQFZEC},
  year={2004},
  publisher={Prentice Hall of India}
}

@book{pettai1984noise,
  title={Noise in Receiving Systems},
  author={Pettai, R.},
  isbn={9780471892359},
  lccn={lc84005209},
  url={https://books.google.dk/books?id=ikdjQgAACAAJ},
  year={1984},
  publisher={Wiley}
}

@book{syncBook,
  title={Priciples of Digital Transmission: with wireless applications},
  author={Sergio Benedetto and Ezio Biglieri},
  isbn={0306457539},
  year={1999},
  publisher={Kluwer Academic/Plenum Publishers}
}

@book{syncBookWeb,
  title={Introduction to Digital Communication Systems},
  author={Krzysztof Wesolowski},
  isbn={9780470986295},
  year={2009},
  publisher={Wiley}
}

@misc{ARRLPowerLimit, 
	author    = {{American Radio Relay League}},
	title     = {{US Amateur Radio Frequency Allocations}},
	howpublished = {\url{http://www.arrl.org/frequency-allocations}},
	note = {Downloaded 23. March 2016},
    year = {2016},
}


@misc{PA, 
	author    = {{ANADIGICS}},
	title     = {{AWT6388}},
	howpublished = {\url{http://www.anadigics.com/sites/default/files/datasheets/AWT6388_Rev_2.1.pdf}},
	note = {Downloaded 28. March 2016},
    year = {2016},
}

@misc{noisePassive, 
	author    = {Jim Stiles},
	title     = {Noise Figure of Passive Devices},
	howpublished = {\url{http://www.ittc.ku.edu/~jstiles/622/handouts/Noise%20Figure%20of%20Passive%20Devices.pdf}},
	note = {Downloaded 28. March 2016},
    year = {2016},
}

@misc{atlantaRF, 
	author    = {{Atlanta RF}},
	title     = {{Link Budget Analysis: Digital Modulation, Part 1}},
	howpublished = {\url{http://www.atlantarf.com/ASK_Modulation.php}},
	note = {Downloaded 28. March 2016},
    year = {2013},
}

@misc{XbandBWLimit, 
	author    = {International Radio Amateur Union {IARU}},
	title     = {{The 3 cm band}},
	howpublished = {\url{http://www.iaru-r1.org/index.php/spectrum-and-band-plans/shf/3-centimeter}},
	note = {Downloaded 30. March 2016},
    year = {2009},
}

@misc{USRP_DS, 
	author    = {Ettus Research},
	title     = {{USRPâ„¢ N200/N210 Networked Series}},
	howpublished = {\url{https://www.ettus.com/content/files/07495_Ettus_N200-210_DS_Flyer_HR_1.pdf}},
	note = {Downloaded 21. April 2016},
    year = {2012},
}

@misc{USRP_MIMOtime, 
	author    = {Ettus Research},
	title     = {{Device Synchronization}},
	howpublished = {\url{http://files.ettus.com/manual/page_sync.html#sync_time_mimocable}},
	note = {Downloaded 18. Maj 2016},
    year = {2016},
}

@misc{USRP_Bandwidth, 
	author    = {Ettus Research},
	title     = {{USRP bandwidth}},
	howpublished = {\url{https://www.ettus.com/kb/detail/usrp-bandwidth}},
	note = {Downloaded 18. Maj 2016},
    year = {2016},
}

@misc{SimpleSDR, 
	author    = {Louis E. Frenzel},
	title     = {{The Elusive Software-Defined Radio}},
	howpublished = {\url{http://electronicdesign.com/communications/elusive-software-defined-radio}},
	note = {Downloaded 18. Maj 2016},
    year = {2006},
}

@misc{USRP_MIMOall, 
	author    = {Ettus Research},
	title     = {{Using MIMO Cable}},
	howpublished = {\url{http://files.ettus.com/manual/page_usrp2.html#usrp2_mimocable}},
	note = {Downloaded 18. Maj 2016},
    year = {2016},
}

@misc{USRP_N210, 
	author    = {Ettus Research},
	title     = {{USRP N210}},
	howpublished = {\url{https://www.ettus.com/product/details/UN210-KIT}},
	note = {Downloaded 21. April 2016},
    year = {2016},
}

@misc{XCVR2450, 
	author    = {{Ettus Research}},
	title     = {{XCVR2450 2.4-2.5 GHz, 4.9-5.9 GHz Tx/Rx}},
	howpublished = {\url{https://www.ettus.com/product/details/XCVR2450}},
	note = {Downloaded 21. April 2016},
    year = {2016},
}

@misc{GNUradio, 
	author    = {{GNURadio}},
	title     = {{GNURadio}},
	howpublished = {\url{http://gnuradio.org/}},
	note = {Downloaded 16. Maj 2016},
    year = {2016},
}

@misc{RFcommLabview, 
	author    = {{National Instruments}},
	title     = {{Tools for Digital and Analog Modulation/Demodulation
Communications Analysis}},
	howpublished = {\url{http://www.ni.com/pdf/products/us/032753305101.pdf}},
	note = {Downloaded 21. Maj 2016},
    year = {2008},
}

@misc{BERStat, 
	author    = {{Agilent Technologies}},
	title     = {{Total Jitter Measurement at Low Probability Levels, Using Optimized BERT Scan Method}},
	howpublished = {\url{http://cp.literature.agilent.com/litweb/pdf/5989-2933EN.pdf}},
	note = {Downloaded 23. Maj 2016},
    year = {2005},
}

@misc{matchedFilter, 
	author    = {{John C. Bancroft}},
	title     = {{Introduction to matched filters}},
	howpublished = {\url{https://crewes.org/ForOurSponsors/ResearchReports/2002/2002-46.pdf}},
	note = {Downloaded 23. Maj 2016},
    year = {2014},
}

@misc{BarkerCodes, 
	author    = {{C. S. Rawat et al.}},
	title     = {{Implementation of Barker Code and Linear Frequency Modulation Pulse Compression Techniques in Matlab}},
	howpublished = {\url{http://www.ijetae.com/files/Volume4Issue4/IJETAE_0414_18.pdf}},
	note = {Downloaded 23. Maj 2016},
    year = {2014},
}
@misc{Fading,
	author ={Bernar Sklar},
	title ={Rayleigh Fading Channels in Mobile Digital Communication Systems Part I: Characterization},
	howpublished ={IEEE Communications Magazine July 1997 },
	year= {1997},
}
@misc{FlatSelective,
	author ={Ian Poole},
	title ={Multipath Fading},
	howpublished ={\url{http://www.radio-electronics.com/info/propagation/multipath/multipath-fading.php} },
	year = {2016},
}
@book{DyR,
	author ={Dave Adamy},
	title ={Practical communication theory 2nd Edition},
	publisher ={SciTech Publishing},
	year= {2014},
}
@book{DRcalc,
	author ={Dave Adamy},
	title ={Practical communication theory 2nd Edition},
	publisher ={SciTech Publishing},
	year= {2014},
}
@book{SINADandSNR,
	author ={Walt Kester},
	title ={Understand SINAD, ENOB, SNR, THD, THD + N, and SFDR so You Don't Get Lost in the Noise Floor },
	publisher ={Analog Devices,Inc.},
	year= {2009},
}